@article{griffin2019bitcoin,
  title={Is bitcoin really un-tethered?},
  author={Griffin, John M and Shams, Amin},
  journal={Available at SSRN 3195066},
  year={2019}
},

@inproceedings{xu2019anatomy,
  title={The anatomy of a cryptocurrency pump-and-dump scheme},
  author={Xu, Jiahua and Livshits, Benjamin},
  booktitle={28th $\{$USENIX$\}$ Security Symposium ($\{$USENIX$\}$ Security 19)},
  pages={1609--1625},
  year={2019}
},

@article{lin2016new,
  title={The new market manipulation},
  author={Lin, Tom CW},
  journal={Emory LJ},
  volume={66},
  pages={1253},
  year={2016},
  publisher={HeinOnline}
},

@book{markham2015law,
  title={Law enforcement and the history of financial market manipulation},
  author={Markham, Jerry},
  year={2015},
  publisher={Routledge}
},

@inproceedings{krafft2018experimental,
  title={An experimental study of cryptocurrency market dynamics},
  author={Krafft, Peter M and Della Penna, Nicol{\'a}s and Pentland, Alex Sandy},
  booktitle={Proceedings of the 2018 CHI Conference on Human Factors in Computing Systems},
  pages={605},
  year={2018},
  organization={ACM}
},

@article{gandal2018price,
  title={Price manipulation in the Bitcoin ecosystem},
  author={Gandal, Neil and Hamrick, JT and Moore, Tyler and Oberman, Tali},
  journal={Journal of Monetary Economics},
  volume={95},
  pages={86--96},
  year={2018},
  publisher={Elsevier}
},

@article{mirtaheri2019identifying,
  title={Identifying and Analyzing Cryptocurrency Manipulations in Social Media},
  author={Mirtaheri, Mehrnoosh and Abu-El-Haija, Sami and Morstatter, Fred and Steeg, Greg Ver and Galstyan, Aram},
  journal={arXiv preprint arXiv:1902.03110},
  year={2019}
},

@book{hazen1985law,
  title={The law of securities regulation},
  author={Hazen, Thomas Lee},
  year={1985},
  publisher={West Publishing Company}
},

@book{teall2018financial,
  title={Financial trading and investing},
  author={Teall, John L},
  year={2018},
  publisher={Academic Press}
},

@book{aldridge2013high,
  title={High-frequency trading: a practical guide to algorithmic strategies and trading systems},
  author={Aldridge, Irene},
  volume={604},
  year={2013},
  publisher={John Wiley \& Sons}
},

@article{feder2018impact,
  title={The impact of DDoS and other security shocks on Bitcoin currency exchanges: Evidence from Mt. Gox},
  author={Feder, Amir and Gandal, Neil and Hamrick, JT and Moore, Tyler},
  journal={Journal of Cybersecurity},
  volume={3},
  number={2},
  pages={137--144},
  year={2018},
  publisher={Oxford University Press}
},

@article{li2019cryptocurrency,
  title={Cryptocurrency pump-and-dump schemes},
  author={Li, Tao and Shin, Donghwa and Wang, Baolian},
  journal={Available at SSRN 3267041},
  year={2019}
},

@inproceedings{donoho2004early,
  title={Early detection of insider trading in option markets},
  author={Donoho, Steve},
  booktitle={Proceedings of the tenth ACM SIGKDD international conference on Knowledge discovery and data mining},
  pages={420--429},
  year={2004},
  organization={ACM}
},

@misc{unsafecoin_2016, 
  title={A theory about the 500 BTC buy wall},
  url={https://maidsafeblog.wordpress.com/2016/07/05/a-theory-about-the-500-btc-buy-wall/}, 
  journal={MaidSafe Blog (Unofficial)}, 
  author={unsafecoin}, 
  year={2016}, 
  month={Jul}
},

@misc{bob_2017, 
  title={MaidSafeCoin (MAID) - Price \& Trading topic},
  url={https://maidsafeblog.wordpress.com/2016/07/05/a-theory-about-the-500-btc-buy-wall/}, 
  journal={SAFE Network Forum}, 
  author={Bacobob}, 
  year={2017}, 
  month={Apr}
},

@misc{baker_2019, 
  title={OKEx Comes Clean On Wash Trading Problem}, 
  url={https://cryptobriefing.com/okex-wash-trading/}, 
  journal={Crypto Briefing}, 
  author={Baker, Paddy}, 
  year={2019}, 
  month={Jun}
},

@article{allcott2017social,
  title={Social media and fake news in the 2016 election},
  author={Allcott, Hunt and Gentzkow, Matthew},
  journal={Journal of economic perspectives},
  volume={31},
  number={2},
  pages={211--36},
  year={2017}
},

@article{bessi2016social,
  title={Social bots distort the 2016 US Presidential election online discussion},
  author={Bessi, Alessandro and Ferrara, Emilio},
  journal={First Monday},
  volume={21},
  number={11-7},
  year={2016}
},

@article{renault2017market,
  title={Market manipulation and suspicious stock recommendations on social media},
  author={Renault, Thomas},
  year={2017}
},

@inproceedings{zannettou2019let,
  title={Who let the trolls out?: Towards understanding state-sponsored trolls},
  author={Zannettou, Savvas and Caulfield, Tristan and Setzer, William and Sirivianos, Michael and Stringhini, Gianluca and Blackburn, Jeremy},
  booktitle={Proceedings of the 10th ACM Conference on Web Science},
  pages={353--362},
  year={2019},
  organization={ACM}
},

@misc{cftc_2018, 
  title={Customer Advisory: Beware Virtual Currency Pump-and-Dump Schemes}, 
  url={https://www.cftc.gov/sites/default/files/idc/groups/public/@customerprotection/documents/file/customeradvisory_pumpdump0218.pdf}, 
  journal={Customer Advisory: Beware Virtual Currency Pump-and-Dump Schemes}, 
  publisher={CFTC}, 
  author={CFTC}, 
  year={2018}
},

@article{li2017technology,
  title={The technology and economic determinants of cryptocurrency exchange rates: The case of Bitcoin},
  author={Li, Xin and Wang, Chong Alex},
  journal={Decision Support Systems},
  volume={95},
  pages={49--60},
  year={2017},
  publisher={Elsevier}
},

@misc{bitfinex, 
  title={Intro to Margin Trading},
  url={https://support.bitfinex.com/hc/en-us/articles/115004555165-Intro-to-Margin-Trading}, 
  journal={Bitfinex Help Center}, 
  publisher={Bitfinex}, 
  author={Bitfinex}
},

@inproceedings{hutto2014vader,
  title={Vader: A parsimonious rule-based model for sentiment analysis of social media text},
  author={Hutto, Clayton J and Gilbert, Eric},
  booktitle={Eighth international AAAI conference on weblogs and social media},
  year={2014}
},

@misc{zhao_2018, 
  title={Coinbase Hit by Lawsuit Over Alleged Insider Trading}, 
  url={https://www.coindesk.com/coinbase-hit-lawsuit-alleged-insider-trading}, 
  journal={CoinDesk}, 
  publisher={CoinDesk}, 
  author={Zhao, Wolfie}, 
  year={2018}, 
  month={Mar}
}